<record xmlns="http://www.loc.gov/MARC21/slim" xmlns:xsi="http://www.w3.org/2001/XMLSchema-instance" xsi:schemaLocation="http://www.loc.gov/MARC21/slim http://www.loc.gov/standards/marcxml/schema/MARC21slim.xsd"><leader>01812nam a2200361   4500</leader><controlfield tag="001">3177076</controlfield><controlfield tag="003">NNC</controlfield><controlfield tag="006">m        d        </controlfield><controlfield tag="007">cr cn |||m|||a</controlfield><controlfield tag="008">150110s1929    le      ob    000 0cara d</controlfield><datafield ind1=" " ind2=" " tag="040"><subfield code="a">NNU</subfield><subfield code="b">eng</subfield><subfield code="c">NNU</subfield></datafield><datafield ind1=" " ind2=" " tag="043"><subfield code="a">a-le---</subfield></datafield><datafield ind1="1" ind2=" " tag="100"><subfield code="6">880-01</subfield><subfield code="a">Nawfal, &#699;Abd Alla&#772;h H&#803;abi&#772;b.</subfield></datafield><datafield ind1="1" ind2="0" tag="240"><subfield code="6">880-02</subfield><subfield code="a">Tara&#772;jim &#699;ulama&#772;&#700; T&#803;ara&#772;bulus wa-udaba&#772;&#700;iha&#772;</subfield></datafield><datafield ind1="1" ind2="0" tag="245"><subfield code="6">880-03</subfield><subfield code="a">Kita&#772;b tara&#772;jim &#699;ulama&#772;&#700; T&#803;ara&#772;bulus wa-udaba&#772;&#700;iha&#772;</subfield><subfield code="h">[electronic resource] /</subfield><subfield code="c">ta&#700;li&#772;f &#699;Abd Alla&#772;h H&#803;abi&#772;b Nawfal.</subfield></datafield><datafield ind1=" " ind2=" " tag="260"><subfield code="6">880-04</subfield><subfield code="a">T&#803;arablus :</subfield><subfield code="b">Mat&#803;ba&#699;at al-H&#803;ad&#803;a&#772;rah,</subfield><subfield code="c">1929.</subfield></datafield><datafield ind1=" " ind2=" " tag="300"><subfield code="a">online resource (303 p.)</subfield></datafield><datafield ind1=" " ind2=" " tag="500"><subfield code="a">Part of the Arabic Collections Online (ACO) project, contributed by Columbia University Libraries.</subfield></datafield><datafield ind1=" " ind2=" " tag="504"><subfield code="a">Includes bibliographical references.</subfield></datafield><datafield ind1=" " ind2=" " tag="533"><subfield code="a">Electronic reproduction.</subfield><subfield code="b">New York, N.Y. :</subfield><subfield code="c">New York University,</subfield><subfield code="d">2015.</subfield><subfield code="5">NNU</subfield></datafield><datafield ind1=" " ind2="0" tag="651"><subfield code="a">Tripoli (Lebanon)</subfield><subfield code="v">Biography.</subfield></datafield><datafield ind1=" " ind2="7" tag="651"><subfield code="a">Lebanon</subfield><subfield code="z">Tripoli.</subfield><subfield code="2">fast</subfield><subfield code="0">(OCoLC)fst01223986</subfield></datafield><datafield ind1=" " ind2="7" tag="655"><subfield code="a">Biography.</subfield><subfield code="2">fast</subfield><subfield code="0">(OCoLC)fst01423686</subfield></datafield><datafield ind1="2" ind2=" " tag="710"><subfield code="a">Columbia University.</subfield><subfield code="b">Libraries.</subfield></datafield><datafield ind1="0" ind2=" " tag="730"><subfield code="a">Arabic Collections Online.</subfield></datafield><datafield ind1="0" ind2="8" tag="776"><subfield code="i">Print version:</subfield><subfield code="a">Nawfal, &#699;Abd Alla&#772;h H&#803;abi&#772;b.</subfield><subfield code="t">Kita&#772;b tara&#772;jim &#699;ulama&#772;&#700; T&#803;ara&#772;bulus wa-udaba&#772;&#700;iha&#772;</subfield><subfield code="w">(NNC)3177076</subfield><subfield code="w">(OCoLC)43235800</subfield></datafield><datafield ind1="4" ind2="0" tag="856"><subfield code="u">http://hdl.handle.net/2333.1/905qfwp5</subfield></datafield><datafield ind1="1" ind2=" " tag="880"><subfield code="6">100-01/r</subfield><subfield code="a">&#1606;&#1608;&#1601;&#1604;&#1548; &#1593;&#1576;&#1583; &#1575;&#1604;&#1604;&#1607; &#1581;&#1576;&#1610;&#1576;.</subfield></datafield><datafield ind1="1" ind2="0" tag="880"><subfield code="6">240-02/r</subfield><subfield code="a">&#1578;&#1585;&#1575;&#1580;&#1605; &#1593;&#1604;&#1605;&#1575;&#1569; &#1591;&#1585;&#1575;&#1576;&#1604;&#1587; &#1608;&#1575;&#1583;&#1576;&#1575;&#1574;&#1607;&#1575;</subfield></datafield><datafield ind1="1" ind2="0" tag="880"><subfield code="6">245-03/r</subfield><subfield code="a">&#1603;&#1578;&#1575;&#1576; &#1578;&#1585;&#1575;&#1580;&#1605; &#1593;&#1604;&#1605;&#1575;&#1569; &#1591;&#1585;&#1575;&#1576;&#1604;&#1587; &#1608;&#1575;&#1583;&#1576;&#1575;&#1574;&#1607;&#1575; /</subfield><subfield code="c">&#1578;&#1571;&#1604;&#1610;&#1601; &#1593;&#1576;&#1583; &#1575;&#1604;&#1604;&#1607; &#1581;&#1576;&#1610;&#1576; &#1606;&#1608;&#1601;&#1604;.</subfield></datafield><datafield ind1=" " ind2=" " tag="880"><subfield code="6">260-04/r</subfield><subfield code="a">&#1591;&#1585;&#1576;&#1604;&#1587; :</subfield><subfield code="b">&#1605;&#1591;&#1576;&#1593;&#1577; &#1575;&#1604;&#1581;&#1590;&#1575;&#1585;&#1577;&#1548;</subfield><subfield code="c">1929.</subfield></datafield><datafield ind1=" " ind2=" " tag="959"><subfield code="a">NNU</subfield><subfield code="b">WEB</subfield><subfield code="c">GENI</subfield><subfield code="t">0</subfield><subfield code="m">Electronic access</subfield><subfield code="s">01</subfield></datafield><datafield ind1=" " ind2=" " tag="999"><subfield code="i">NNC_3177076</subfield><subfield code="o">(OCoLC)43235800</subfield></datafield></record>